@online{platformio_board,
  author    = {PlatformIO Team},
  title     = {Wemos D1 UNO R32},
  url       = {https://docs.platformio.org/en/latest/boards/espressif32/wemos_d1_uno32.html},
  urldate   = {2024-12-14},
}

@manual{esp32_datasheet,
  author    = {Espressif Systems},
  title     = {ESP32 Series Datasheet},
  url       = {https://www.espressif.com/sites/default/files/documentation/esp32_datasheet_en.pdf},
  urldate   = {2024-12-14},
}

@manual{esp32_manual,
  author    = {Espressif Systems},
  title     = {ESP32 Technical Reference Manual},
  url       = {https://www.espressif.com/sites/default/files/documentation/esp32_technical_reference_manual_en.pdf},
  urldate   = {2024-12-14},
}

@manual{d1_r32_manual,
  author    = {AZ-Delivery Vertriebs GmbH},
  title     = {D1 R32 Technical Manual},
  url       = {https://www.halloweenfreak.de/arduino/pdfs/D1_R32_ENG.pdf},
  urldate   = {2024-12-14},
}
